% This file was created with JabRef 2.9.2.
% Encoding: Cp1252
@ARTICLE{2008JSMTE..10..008B,
   author = {{Blondel}, V.~D. and {Guillaume}, J.-L. and {Lambiotte}, R. and 
	{Lefebvre}, E.},
    title = "{Fast unfolding of communities in large networks}",
  journal = {Journal of Statistical Mechanics: Theory and Experiment},
archivePrefix = "arXiv",
   eprint = {0803.0476},
 primaryClass = "physics.soc-ph",
     year = 2008,
    month = oct,
   volume = 10,
    pages = {8},
      doi = {10.1088/1742-5468/2008/10/P10008},
   adsurl = {http://adsabs.harvard.edu/abs/2008JSMTE..10..008B},
  adsnote = {Provided by the SAO/NASA Astrophysics Data System}
}

@article{von2008consistency,
  title={Consistency of spectral clustering},
  author={Von Luxburg, Ulrike and Belkin, Mikhail and Bousquet, Olivier},
  journal={The Annals of Statistics},
  pages={555--586},
  year={2008},
  publisher={JSTOR}
}

@online{spectral,
  author = {Scikit-Learn},
  title = {Spectral Clustering},
  year = 2014,
  url = {http://scikit-learn.org/stable/modules/clustering.html#spectral-clustering}
}

@online{louvain,
  author = {Thomas Aynaud},
  title = {Community detection for NetworkX’s documentation¶
},
  year = 2009,
  url = {http://perso.crans.org/aynaud/communities/index.html}
}

@ARTICLE{2008JSMTE..10..008B,
   author = {{Blondel}, V.~D. and {Guillaume}, J.-L. and {Lambiotte}, R. and 
	{Lefebvre}, E.},
    title = "{Fast unfolding of communities in large networks}",
  journal = {Journal of Statistical Mechanics: Theory and Experiment},
archivePrefix = "arXiv",
   eprint = {0803.0476},
 primaryClass = "physics.soc-ph",
     year = 2008,
    month = oct,
   volume = 10,
    pages = {8},
      doi = {10.1088/1742-5468/2008/10/P10008},
   adsurl = {http://adsabs.harvard.edu/abs/2008JSMTE..10..008B},
  adsnote = {Provided by the SAO/NASA Astrophysics Data System}
}



@ARTICLE{2010PhR...486...75F,
   author = {{Fortunato}, S.},
    title = "{Community detection in graphs}",
  journal = {\physrep},
archivePrefix = "arXiv",
   eprint = {0906.0612},
 primaryClass = "physics.soc-ph",
     year = 2010,
    month = feb,
   volume = 486,
    pages = {75-174},
      doi = {10.1016/j.physrep.2009.11.002},
   adsurl = {http://adsabs.harvard.edu/abs/2010PhR...486...75F},
  adsnote = {Provided by the SAO/NASA Astrophysics Data System}
}



@article{DBLP:journals/corr/GillaniEOHR14,
  author    = {Nabeel Gillani and
               Rebecca Eynon and
               Michael Osborne and
               Isis Hjorth and
               Stephen Roberts},
  title     = {Communication Communities in MOOCs},
  journal   = {CoRR},
  volume    = {abs/1403.4640},
  year      = {2014},
  ee        = {http://arxiv.org/abs/1403.4640},
  bibsource = {DBLP, http://dblp.uni-trier.de}
}


@inproceedings{Huang:2014:SBM:2556325.2566249,
 author = {Huang, Jonathan and Dasgupta, Anirban and Ghosh, Arpita and Manning, Jane and Sanders, Marc},
 title = {Superposter Behavior in MOOC Forums},
 booktitle = {Proceedings of the First ACM Conference on Learning @ Scale Conference},
 series = {L@S '14},
 year = {2014},
 isbn = {978-1-4503-2669-8},
 location = {Atlanta, Georgia, USA},
 pages = {117--126},
 numpages = {10},
 url = {http://doi.acm.org/10.1145/2556325.2566249},
 doi = {10.1145/2556325.2566249},
 acmid = {2566249},
 publisher = {ACM},
 address = {New York, NY, USA},
 keywords = {collaborative learning, coursera, data mining, education, massive open online course, mooc, online forums},
} 

@inproceedings{veeramachaneni2013moocdb,
  title={Moocdb: Developing data standards for mooc data science},
  author={Veeramachaneni, Kalyan and Dernoncourt, Franck and Taylor, Colin and Pardos, Zachary and O’Reilly, Una-May},
  booktitle={AIED 2013 Workshops Proceedings Volume},
  pages={17},
  year={2013}
}

@inproceedings{yu2003multiclass,
  title={Multiclass spectral clustering},
  author={Yu, Stella X and Shi, Jianbo},
  booktitle={Computer Vision, 2003. Proceedings. Ninth IEEE International Conference on},
  pages={313--319},
  year={2003},
  organization={IEEE}
}

